%
%  An example of a bibliographical database for bibTeX
%
%  Recommended software for maintenance of *.bib files:
%    JabRef, http://jabref.sourceforge.net/
%
%  BEWARE:
%
%    *  If a name contains a capital letter, which must be kept such,
%       use curly brackets ({T}hailand, {HIV}).
%
%  ===========================================================================



%
@BOOK{Chapters,
  title = {An Invitation to Discrete Mathematics},
  publisher = {Oxford University Press},
  year = {2008},
  author = {Matoušek, J. and Nešetřil, J.},
  address = {Oxford},
  series = {2 edition},
  note = {ISBN: 0198570422}
}

%
@ARTICLE{select,
  author = {Jaewook Shin, Mary Hall, Jacqueline Chame},
  title = {Superword-Level Parallelism in the Presence of Control Flow},
  journal = {Proceedings of the International Symposium on Code Generation and Optimization(CGO'05)},
  year = {2005}, 
  note = {ISBN: 0-7695-2298-X/05}
}

@ARTICLE{autotuning,
  author = {Franchetti, F. and Kral, S. and Lorenz, J. and Ueberhuber, C. W.},
  title = {Efficient Utilization of SIMD extensions},
  journal = {Proceedings of the IEEE},
  volume = {93},
  year = {2005}, 
  number = 2,
  pages = {409 -- 425}
}

%
@ARTICLE{select2,
  author = {Jaewook Shin and Mary Hall and Jacqueline Chame},
  title = {Evaluating compiler technology for control-flow optimizations for multimedia extension architectures},
  journal = {Microprocessors and Microsystems},
  volume = {33},
  year = {2009}, 
  pages = {235--243}
}


%
@ARTICLE{hfg,
  author = {Brabec, M. and Bednárek, D.},
  title = {Hybrid FLow Graphs: Towards the transformation of sequential code into parallel pipelines},
  journal = {ITAT,CEUR},
  volume = {1422},
  year = {2015}, 
  note = {ISSN: 1613-0073}
}

%
@TECHREPORT{bobox,
  author = {Bednárek, D. and Dokulil, J. and Yaghob, J. and Zavoral, F.},
  title = {The Bobox project parallelization framework and server for data processing},
  journal = {Charles University in Prague, Technical Report},
  volume = {1},
  year = {2011}, 
  note = {ISSN: 1613-0073}
}

%
@ARTICLE{pipelines,
  author = {Brabec, M. and Bednárek, D. and Malý, P.},
  title = {Transformation of Pipeline Stage Algorithms to Event-Driven Code},
  journal = {CEUR Workshop Proceedings},
  volume = {1214},
  year = {2014}, 
  note = {ISSN: 1613-0073}
}

%
@BOOK{compilers,
  title = {Optimizing Compilers for Modern Architectures},
  publisher = {Morgan Kaufmann},
  year = {2001},
  author = {Allen, R. and Kennedy, K.},
  note = {ISBN: 978-1558602861}
}

%
@MISC{kahn,
  author = {Gilles, K.},
  title = {The Semantics of a Simple Language for Parallel Programming},
  journal = {Information Processing: Proceedings of the IFIP Congress},
  volume = {74},
  year = {1974}, 
  pages= {471--475}
}


@BOOK{ilp,
  title = { Theory of linear and integer programming},
  author = {Schrijver, A.},
  publisher = {John Wiley},
  year = {1986},
  note = {ISBN: 978-0-471-98232-6}
}

@MISC{polyhedra,
  title = {Effective Automatic Parallelization and Locality Optimization Using The Polyhedral Model},
  author = {Uday Kumar Reddy Bondhugula},
  year = {2008},
  note = {ISBN: 978-0-549-76796-1}
}

@MISC{ssetut,
  title = { C++ - Getting started with SSE},
  author = {Félix Abecassis},
  howpublished = { http://felix.abecassis.me/2011/09/cpp-getting-started-with-sse/ }
}

@MANUAL{reference,
  title = {Intel Architecture Instruction Set Extensions Programming Reference},
  institution = {Intel},
  howpublished = { https://software.intel.com/sites/default/files/managed/07/b7/319433-023.pdf }
}

@MISC{cheats,
  title = {x86 Intrinsics Cheat Sheet},
  author = {Jan Finis},
  howpublished = { http://db.in.tum.de/~finis/x86-intrin-cheatsheet-v2.2.pdf?lang=en }
}

@MISC{cloak,
  title = {Github - Cloak repository},
  howpublished = {https://github.com/pfultz2/Cloak}
}

@MISC{generator,
  title = {Stack overflow -- C algorithm to produce same pseudo random number sequences from same seed on},
  howpublished = { http://stackoverflow.com/questions/15500621/c-c-algorithm-to-produce-same-pseudo-random-number-sequences-from-same-seed-on }
}









@BOOK{Andel07,
  title = {Základy matematické statistiky},
  publisher = {Matfyzpress},
  year = {2007},
  author = {Anděl, J.},
  address = {Praha},
  series = {Druhé opravené vydání},
  isbn = {80-7378-001-1}
}

@BOOK{Andel98,
  title = {Statistické metody},
  publisher = {Matfyzpress},
  year = {1998},
  author = {Anděl, J.},
  address = {Praha},
  series = {Druhé přepracované vydání},
  isbn = {80-85863-27-8}
}

@ARTICLE{Cox72,
  author = {Cox, D. R.},
  title = {Regression models and life-tables (with {D}iscussion)},
  journal = {Journal of the Royal Statistical Society, Series B},
  year = {1972},
  volume = {34},
  pages = {187--220},
  number = {2}
}

@ARTICLE{DempsterLairdRubin77,
  author = {Dempster, A. P. and Laird, N. M. and Rubin, D. B.},
  title = {Maximum likelihood from incomplete data via the {EM} algorithm},
  journal = {Journal of the Royal Statistical Society, Series B},
  year = {1977},
  volume = {39},
  pages = {1--38},
  number = {1}
}

@ARTICLE{Genberget08,
  author = {Genberg, B. L. and Kulich, M. and Kawichai, S. and Modiba, P. and
	Chingono, A. and Kilonzo, G. P. and Richter, L. and Pettifor, A.
	and Sweat, M. and Celentano, D. D.},
  title = {{HIV} risk behaviors in Sub-{S}aharan {A}frica and {N}orthern {T}hailand:
	{B}aseline behavioral data from project {A}ccept},
  journal = {Journal of Acquired Immune Deficiency Syndrome},
  year = {2008},
  volume = {49},
  pages = {309--319}
}

@ARTICLE{KaplanMeier58,
  author = {Kaplan, E. L. and Meier, P.},
  title = {Nonparametric estimation from incomplete observations},
  journal = {Journal of the American Statistical Association},
  year = {1958},
  volume = {53},
  pages = {457--481},
  number = {282}
}

@BOOK{LehmannCasella98,
  title = {Theory of Point Estimation},
  publisher = {Springer-Verlag},
  year = {1998},
  author = {Lehmann, E. L. and Casella, G.},
  address = {New York},
  series = {{S}econd {E}dition},
  isbn = {0-387-98502-6}
}

@ARTICLE{Student08,
  author = {Student},
  title = {On the probable error of the mean},
  journal = {Biometrika},
  year = {1908},
  volume = {6},
  pages = {1-25}
}
